<?xml version="1.0" encoding="UTF-8"?>
<collection xmlns="http://www.loc.gov/MARC21/slim">
 <record>
  <leader>01508cam a2200385I  4500</leader>
  <controlfield tag="001">1928925</controlfield>
  <controlfield tag="005">19981113174500.0</controlfield>
  <controlfield tag="008">790330s1942    iluabe   b    000 0 eng  </controlfield>
  <controlfield tag="003">ICU</controlfield>
  <datafield tag="010" ind1=" " ind2=" ">
   <subfield code="a">   42025290</subfield>
  </datafield>
  <datafield tag="035" ind1=" " ind2=" ">
   <subfield code="a">(OCoLC)4803415</subfield>
  </datafield>
  <datafield tag="040" ind1=" " ind2=" ">
   <subfield code="a">DLC</subfield>
   <subfield code="c">CLE</subfield>
   <subfield code="d">OCL</subfield>
   <subfield code="d">CGU</subfield>
  </datafield>
  <datafield tag="049" ind1=" " ind2=" ">
   <subfield code="a">CGUA</subfield>
  </datafield>
  <datafield tag="050" ind1=" " ind2=" ">
   <subfield code="a">DS69.5</subfield>
   <subfield code="b">.D55</subfield>
  </datafield>
  <datafield tag="082" ind1=" " ind2=" ">
   <subfield code="a">913.358</subfield>
  </datafield>
  <datafield tag="100" ind1="1" ind2=" ">
   <subfield code="a">Delougaz, Pinhas</subfield>
  </datafield>
  <datafield tag="245" ind1="1" ind2="0">
   <subfield code="a">Pre-Sargonid temples in the Diyala region,</subfield>
   <subfield code="c">by Pinhas Delougaz and Seton Lloyd, with chapters by Henri Frankfort and Thorkild Jacobsen.</subfield>
  </datafield>
  <datafield tag="260" ind1=" " ind2=" ">
   <subfield code="a">Chicago, Ill.,</subfield>
   <subfield code="b">The University of Chicago press</subfield>
   <subfield code="c">[1942]</subfield>
  </datafield>
  <datafield tag="300" ind1=" " ind2=" ">
   <subfield code="a">xvii, 320 p., 1 .</subfield>
   <subfield code="b">illus., maps, plans, tab., diagrs.</subfield>
   <subfield code="c">31 x 24 cm.</subfield>
  </datafield>
  <datafield tag="490" ind1="0" ind2=" ">
   <subfield code="a">The University of Chicago Oriental institute publications, vol. LVIII</subfield>
  </datafield>
  <datafield tag="500" ind1=" " ind2=" ">
   <subfield code="a">Part of the illustrative material is folded.</subfield>
  </datafield>
  <datafield tag="500" ind1=" " ind2=" ">
   <subfield code="a">&quot;This volume is one of a group planned to present as a whole the work of the Oriental institute's Iraq expedition in the Diyala region.&quot;</subfield>
  </datafield>
  <datafield tag="504" ind1=" " ind2=" ">
   <subfield code="a">Bibliographical foot-notes.</subfield>
  </datafield>
  <datafield tag="650" ind1=" " ind2="0">
   <subfield code="a">Temples</subfield>
   <subfield code="z">Iraq</subfield>
   <subfield code="z">Diyālá.</subfield>
  </datafield>
  <datafield tag="651" ind1=" " ind2="0">
   <subfield code="a">Diyālá (Iraq)</subfield>
  </datafield>
  <datafield tag="650" ind1=" " ind2="7">
   <subfield code="a">Temples.</subfield>
   <subfield code="2">fast</subfield>
   <subfield code="0">http://id.worldcat.org/fast/fst01147397</subfield>
  </datafield>
  <datafield tag="651" ind1=" " ind2="7">
   <subfield code="a">Iraq</subfield>
   <subfield code="z">Diyālá</subfield>
   <subfield code="2">fast</subfield>
   <subfield code="0">http://id.worldcat.org/fast/fst01232002</subfield>
  </datafield>
  <datafield tag="700" ind1="1" ind2=" ">
   <subfield code="a">Lloyd, Seton</subfield>
  </datafield>
  <datafield tag="700" ind1="1" ind2=" ">
   <subfield code="a">Jacobsen, Thorkild,</subfield>
   <subfield code="d">1904-1993</subfield>
  </datafield>
  <datafield tag="700" ind1="1" ind2=" ">
   <subfield code="a">Frankfort, Henri,</subfield>
   <subfield code="d">1897-1954</subfield>
  </datafield>
  <datafield tag="903" ind1=" " ind2=" ">
   <subfield code="a">UCPress</subfield>
  </datafield>
  <datafield tag="929" ind1=" " ind2=" ">
   <subfield code="t">LCC</subfield>
   <subfield code="c">Gen</subfield>
   <subfield code="b">f</subfield>
   <subfield code="a">DS70.D365</subfield>
   <subfield code="l">JRL</subfield>
  </datafield>
  <datafield tag="927" ind1=" " ind2=" ">
   <subfield code="b">16186995</subfield>
  </datafield>
  <datafield tag="929" ind1=" " ind2=" ">
   <subfield code="t">LCC</subfield>
   <subfield code="c">Gen</subfield>
   <subfield code="b">f</subfield>
   <subfield code="a">DS70.D365</subfield>
   <subfield code="l">JRL</subfield>
  </datafield>
  <datafield tag="927" ind1=" " ind2=" ">
   <subfield code="b">10258778</subfield>
  </datafield>
 </record>
</collection>
